<collection xmlns="http://www.loc.gov/MARC21/slim">
<record>
  <leader>01272nam0a22002651i 450 </leader>
  <controlfield tag="001">IT\ICCU\CNCE\080453</controlfield>
  <controlfield tag="005">20201019000000.0</controlfield>
  <datafield tag="100" ind1=" " ind2=" ">
    <subfield code="a">20201009d1501        0itac0103    ba</subfield>
  </datafield>
  <datafield tag="101" ind1=" " ind2=" ">
    <subfield code="a">LAT</subfield>
  </datafield>
  <datafield tag="102" ind1=" " ind2=" ">
    <subfield code="a">IT</subfield>
  </datafield>
  <datafield tag="200" ind1="1" ind2=" ">
    <subfield code="a">Doemnicani. Psalmista secundum consuetudinem sancti Dominici</subfield>
  </datafield>
  <datafield tag="210" ind1=" " ind2=" ">
    <subfield code="e">Venetijs</subfield>
    <subfield code="g">impensis nobilis viri Lucantonij de giunta Florentini</subfield>
    <subfield code="g">arte autem Joanis Emerici de Spira</subfield>
    <subfield code="h">1501 IIII. kalen. Iunij</subfield>
  </datafield>
  <datafield tag="215" ind1=" " ind2=" ">
    <subfield code="a">\10!, 136, \2! c.</subfield>
    <subfield code="d">8ʻ</subfield>
  </datafield>
  <datafield tag="620" ind1=" " ind2=" ">
    <subfield code="a">IT</subfield>
    <subfield code="d">Venezia</subfield>
  </datafield>
  <datafield tag="712" ind1="0" ind2="0">
    <subfield code="a">Giunta, Lucantonio</subfield>
    <subfield code="c"> &lt;1.&gt;</subfield>
    <subfield code="3">IT\ICCU\CNCT\002111</subfield>
    <subfield code="4">650</subfield>
  </datafield>
  <datafield tag="712" ind1="0" ind2="0">
    <subfield code="a">Emerich, Johann</subfield>
    <subfield code="3">IT\ICCU\CNCT\006007</subfield>
    <subfield code="4">650</subfield>
  </datafield>
  <datafield tag="791" ind1="0" ind2="0">
    <subfield code="a">Zontis, Lucas Antonius de</subfield>
    <subfield code="3">IT\ICCU\CNCT\003892</subfield>
    <subfield code="z">Giunta, Lucantonio &lt;1.&gt;</subfield>
  </datafield>
  <datafield tag="791" ind1="0" ind2="0">
    <subfield code="a">Giunti, Lucantonio</subfield>
    <subfield code="c"> &lt;1&gt;</subfield>
    <subfield code="3">IT\ICCU\CNCT\004926</subfield>
    <subfield code="z">Giunta, Lucantonio &lt;1.&gt;</subfield>
  </datafield>
  <datafield tag="791" ind1="0" ind2="0">
    <subfield code="a">Gionta, Lucantonio de</subfield>
    <subfield code="3">IT\ICCU\CNCT\004928</subfield>
    <subfield code="z">Giunta, Lucantonio &lt;1.&gt;</subfield>
  </datafield>
  <datafield tag="791" ind1="0" ind2="0">
    <subfield code="a">Giuntis, Lucas Antonius de</subfield>
    <subfield code="3">IT\ICCU\CNCT\004929</subfield>
    <subfield code="z">Giunta, Lucantonio &lt;1.&gt;</subfield>
  </datafield>
  <datafield tag="791" ind1="0" ind2="0">
    <subfield code="a">Zonta, Lucantonio</subfield>
    <subfield code="3">IT\ICCU\CNCT\004930</subfield>
    <subfield code="z">Giunta, Lucantonio &lt;1.&gt;</subfield>
  </datafield>
  <datafield tag="791" ind1="0" ind2="0">
    <subfield code="a">Spira, Ioannes de</subfield>
    <subfield code="3">IT\ICCU\CNCT\006008</subfield>
    <subfield code="z">Emerich, Johann</subfield>
  </datafield>
  <datafield tag="791" ind1="0" ind2="2">
    <subfield code="a">Ioannes de Spira</subfield>
    <subfield code="3">IT\ICCU\CNCT\006009</subfield>
    <subfield code="z">Emerich, Johann</subfield>
  </datafield>
  <datafield tag="791" ind1="0" ind2="0">
    <subfield code="a">Speyer, Johann Emerich</subfield>
    <subfield code="3">IT\ICCU\CNCT\006010</subfield>
    <subfield code="z">Emerich, Johann</subfield>
  </datafield>
  <datafield tag="801" ind1=" " ind2="3">
    <subfield code="a">IT</subfield>
    <subfield code="b">ICCU</subfield>
    <subfield code="c">20201115</subfield>
  </datafield>
</record>
</collection>
